@book{Srkk2019,
  title = {Applied Stochastic Differential Equations},
  ISBN = {9781316649466},
  url = {http://dx.doi.org/10.1017/9781108186735},
  DOI = {10.1017/9781108186735},
  publisher = {Cambridge University Press},
  author = {S\"{a}rkk\"{a},  Simo and Solin,  Arno},
  year = {2019},
  month = apr 
}

@Manual{Rlang,
    title = {R: A Language and Environment for Statistical Computing},
    author = {{R Core Team}},
    organization = {R Foundation for Statistical Computing},
    address = {Vienna, Austria},
    year = {2024},
    url = {https://www.R-project.org/}
  }

@Manual{Rcpp,
  title = {Rcpp: Seamless R and C++ Integration},
  author = {Dirk Eddelbuettel and Romain Francois and JJ Allaire and Kevin Ushey and Qiang Kou and Nathan Russell and Inaki Ucar and Douglas Bates and John Chambers},
  year = {2024},
  note = {R package version 1.0.12},
  url = {https://CRAN.R-project.org/package=Rcpp}
}
'
@misc{SplittingSchemes,
  doi = {10.48550/ARXIV.2211.11884},
  url = {https://arxiv.org/abs/2211.11884},
  author = {Pilipovic,  Predrag and Samson,  Adeline and Ditlevsen,  Susanne},
  keywords = {Methodology (stat.ME),  Statistics Theory (math.ST),  FOS: Computer and information sciences,  FOS: Computer and information sciences,  FOS: Mathematics,  FOS: Mathematics},
  title = {Parameter Estimation in Nonlinear Multivariate Stochastic Differential Equations Based on Splitting Schemes},
  publisher = {arXiv},
  year = {2022},
  copyright = {Creative Commons Attribution 4.0 International}
}

@article{Ditlevsen2023,
  title = {Warning of a forthcoming collapse of the Atlantic meridional overturning circulation},
  volume = {14},
  ISSN = {2041-1723},
  url = {http://dx.doi.org/10.1038/s41467-023-39810-w},
  DOI = {10.1038/s41467-023-39810-w},
  number = {1},
  journal = {Nature Communications},
  publisher = {Springer Science and Business Media LLC},
  author = {Ditlevsen,  Peter and Ditlevsen,  Susanne},
  year = {2023},
  month = jul 
}
@misc{StatisticalMethodsForSDE,
  title = {Statistical Methods for Stochastic Differential Equations},
  ISBN = {9780429063251},
  url = {http://dx.doi.org/10.1201/b12126},
  DOI = {10.1201/b12126},
  publisher = {Chapman and Hall/CRC},
  author = {Kessler,  Mathieu and Lindner,  Alexander and Sorensen,  Michael},
  year = {2012},
  month = may 
}

@Manual{microbenchmark,
    title = {microbenchmark: Accurate Timing Functions},
    author = {Olaf Mersmann},
    year = {2023},
    note = {R package version 1.4.10},
    url = {https://CRAN.R-project.org/package=microbenchmark},
  }

  @misc{DitlevsenSupplementary,
  doi = {10.17894/UCPH.B8F99B67-D4E6-4A2E-B518-00BDDEED323B},
  url = {https://erda.ku.dk/archives/cb78329f209d8ff2b4dd810abe4780ae/published-archive.html},
  author = {Ditlevsen,  Susanne},
  title = {Warning of a forthcoming collapse of the Atlantic meridional overturning circulation - Supplementary Material},
  publisher = {University of Copenhagen},
  year = {2023}
}

@article{Kessler1997,
  author  = {Mathieu Kessler},
  title   = {Estimation of an Ergodic Diffusion from Discrete Observations},
  journal = {Scandinavian Journal of Statistics},
  volume  = {24},
  number  = {2},
  pages   = {211--229},
  year    = {1997},
  url     = {http://www.jstor.org/stable/4616449},
}

@BOOK{numericalAnalysis,
  title     = "Numerical analysis",
  author    = "Kincaid, David and Cheney, Ward",
  publisher = "American Mathematical Society",
  series    = "Pure and Applied Undergraduate Texts",
  edition   =  3,
  month     =  feb,
  year      =  2009,
  address   = "Providence, RI",
  language  = "en"
}

@article{FormanSorensen2008,
  author  = {Forman, Julie Lyng and Sørensen, Michael},
  title   = {The Pearson Diffusions: A Class of Statistically Tractable Diffusion Processes},
  journal = {Scandinavian Journal of Statistics},
  volume  = {35},
  number  = {3},
  pages   = {438--465},
  year    = {2008},
  url     = {http://www.jstor.org/stable/41000281},
  note    = {Accessed 20 Mar. 2024}
}

@Manual{nleqslv,
    title = {nleqslv: Solve Systems of Nonlinear Equations},
    author = {Berend Hasselman},
    year = {2023},
    note = {R package version 3.3.5},
    url = {https://CRAN.R-project.org/package=nleqslv},
  }

  @misc{cppreference_expm1,
  author = "{cppreference.com}",
  title = "{expm1 - C++ Reference}",
  year = "2024",
  url = "https://en.cppreference.com/w/c/numeric/math/expm1",
  note = "Accessed April 14, 2024"
}

@BOOK{Strogatz2019_gv,
  title     = "Nonlinear dynamics and chaos",
  author    = "Strogatz, Steven H",
  publisher = "CRC Press",
  edition   =  2,
  month     =  may,
  year      =  2019,
  address   = "London, England",
  language  = "en"
}
@book{Hansen2022,
  author    = {Ernst Hansen},
  title     = {Stochastic Processes},
  publisher = {Institut for Matematiske Fag - Københavns Universitet},
  year      = {2022},
  edition   = {3rd},
  address   = {Copenhagen},
  isbn      = {978-87-71251-54-8}
}

@BOOK{Oksendal2003_yu,
  title     = "Stochastic differential equations",
  author    = "Oksendal, Bernt",
  publisher = "Springer",
  series    = "Universitext",
  month     =  jul,
  year      =  2003,
  address   = "Berlin, Germany",
  language  = "en"
}

  @Manual{numDeriv,
    title = {numDeriv: Accurate Numerical Derivatives},
    author = {Paul Gilbert and Ravi Varadhan},
    year = {2019},
    note = {R package version 2016.8-1.1},
    url = {https://CRAN.R-project.org/package=numDeriv},
  }